@Article{Dormans2006,
	Title                    = {OMCVD of transition metals and their suicides using metallocenes and (di) silane or silicon tetra-bromide},
	Author                   = {G. J. M. Dormans},
	Year                     = {2006},
	Pages                    = {806-816},
	Volume                   = {108},
	
	Journal                  = {Journal of Crystal Growth}
}

@online{Sumatra,
	Title                    = {TeXnicCenter mit Sumatra PDF},
	Author                   = {M. Hehn AND B. Danowski},
	Year                     = {2009},
	Url                      = {http://www.hehn.biz/Mar/How_to_Sumatra.pdf},
	urldate                  = {2016-03-30}
}

@Book{Hitchman1993,
	Title                    = {Chemical Vapor Deposition},
	Author                   = {Hitchman, M. L. AND Jensen, K. F.},
	Year                     = {1993},
	ISBN                     = {0-12-349670-5},
	Publisher                = {Academic Press},
	Volume                   = {1}
}

@Book{Kleppmann2013,
	Title                    = {Versuchsplanung: Produkte und Prozesse optimieren},
	Author                   = {Kleppmann, W.},
	Year                     = {2013},
	ISBN                     = {9783446437913},
	Publisher                = {Carl Hanser Verlag GmbH \& Company KG},
	Series                   = {Praxisreihe Qualit{\"a}tswissen}
}

@online{Casteleyni2018,
	title        = {Visual TikZ},
	author       = {J. P. Casteleyni},
	organization = {IUT Génie Thermique et Énergie, Dunkerque, France},
	year         = {2018},
	url          = {http://tug.ctan.org/info/visualtikz/VisualTikZ.pdf},
	urldate      = {2018-11-26},
}

@online{Fauske2018,
	author  = {K. M. Fauske AND S. Kottwitz},
	title   = {TikZ and PGF Examples},
	year    = {2018},
	url     = {http://www.texample.net/tikz/examples/},
	urldate = {2018-11-26},
}